@misc{lu2020investigating,
      title={Investigating the Effectiveness of Representations Based on Pretrained Transformer-based Language Models in Active Learning for Labelling Text Datasets}, 
      author={Jinghui Lu and Brian MacNamee},
      year={2020},
      eprint={2004.13138},
      archivePrefix={arXiv},
      primaryClass={cs.IR}
}